@article{hiller2017rise,
  title={The rise of streaming music and implications for music production},
  author={Hiller, R Scott and Walter, Jason M},
  journal={Review of Network Economics},
  volume={16},
  number={4},
  pages={351--385},
  year={2017},
  publisher={De Gruyter}
}

@article{oyedele2018streaming,
  title={Streaming apps: What consumers value},
  author={Oyedele, Adesegun and Simpson, Penny M},
  journal={Journal of Retailing and Consumer Services},
  volume={41},
  pages={296--304},
  year={2018},
  publisher={Elsevier}
}

@online{3,
  author="",
  title="{‘Music Streaming Market Size & Share Report, 2030’}",
  url="https://www.grandviewresearch.com/industry-analysis/music-streaming-market",
  note="(2022, Sep 14)",
}

@article{waldrop2016chips,
  title={The chips are down for Moore’s law},
  author={Waldrop, M Mitchell},
  journal={Nature News},
  volume={530},
  number={7589},
  pages={144},
  year={2016}
}

@article{spotnitz2003simulation,
  title={Simulation of capacity fade in lithium-ion batteries},
  author={Spotnitz, Robert},
  journal={Journal of power sources},
  volume={113},
  number={1},
  pages={72--80},
  year={2003},
  publisher={Elsevier}
}

@article{romaine1999invisible,
  title={The Invisible Computer: why good products can fail, the personal computer is so complex, and information appliances are the solution},
  author={Romaine, Garret},
  journal={Technical Communication},
  volume={46},
  number={3},
  pages={395--395},
  year={1999},
  publisher={Society for Technical Communication}
}

@article{baek2018energy,
  title={An energy efficiency grading system for mobile applications based on usage patterns},
  author={Baek, Dusan and Park, Jae-Hyeon and Lee, Jung-Won},
  journal={The Journal of Supercomputing},
  volume={74},
  number={12},
  pages={6502--6515},
  year={2018},
  publisher={Springer}
}

@misc{nyman2020estimating,
  title={Estimating the energy consumption of a mobile music streaming application using proxy metrics},
  author={Nyman, Moa},
  year={2020}
}

@article{mehrotra2018analyse,
  title={Analyse power consumption by mobile applications using fuzzy clustering approach},
  author={Mehrotra, D and Nagpal, D and Srivastava, R and Nagpal, R},
  journal={International Journal of Engineering},
  volume={31},
  number={12},
  pages={2037--2043},
  year={2018},
  publisher={Materials and Energy Research Center}
}

@article{zhang2014impact,
  title={The impact of user choice on energy consumption},
  author={Zhang, Chenlei and Hindle, Abram and German, Daniel M},
  journal={IEEE software},
  volume={31},
  number={3},
  pages={69--75},
  year={2014},
  publisher={IEEE}
}

@inproceedings{metri2012eating,
  title={What is eating up battery life on my smartphone: A case study},
  author={Metri, Grace and Agrawal, Abhishek and Peri, Ramesh and Shi, Weisong},
  booktitle={2012 International Conference on Energy Aware Computing},
  pages={1--6},
  year={2012},
  organization={IEEE}
}

@article{jimenez2013integrating,
  title={Integrating smartphones in spotify's peer-assisted music streaming service},
  author={Jimenez, Raul and Kreitz, Gunnar and Knutsson, Bj{\"o}rn and Isaksson, Marcus and Haridi, Seif},
  year={2013}
}

@book{wohlin2012experimentation,
  title={Experimentation in software engineering},
  author={Wohlin, Claes and Runeson, Per and H{\"o}st, Martin and Ohlsson, Magnus C and Regnell, Bj{\"o}rn and Wessl{\'e}n, Anders},
  year={2012},
  publisher={Springer Science \& Business Media}
}

@online{13,
  author="",
  title="{‘Top Android music apps by global downloads 2022’, Statista}",
  url="https://www.statista.com/statistics/691256/leading-google-play-music-worldwide-downloads/",
  note="(2022, Sep 14)",
}

 
