@article{hiller2017rise,
  title={The rise of streaming music and implications for music production},
  author={Hiller, R Scott and Walter, Jason M},
  journal={Review of Network Economics},
  volume={16},
  number={4},
  pages={351--385},
  year={2017},
  publisher={De Gruyter}
}

@article{oyedele2018streaming,
  title={Streaming apps: What consumers value},
  author={Oyedele, Adesegun and Simpson, Penny M},
  journal={Journal of Retailing and Consumer Services},
  volume={41},
  pages={296--304},
  year={2018},
  publisher={Elsevier}
}

@online{3,
  author="",
  title="{‘IFPI GLOBAL MUSIC REPORT 2022’}",
  url="https://globalmusicreport.ifpi.org/",
  note="(2022, Sep 28)",
}

@online{4,
  author="",
  title="{‘Music Streaming Market Size & Share Report, 2030’}",
  url="https://www.grandviewresearch.com/industry-analysis/music-streaming-market",
  note="(2022, Sep 14)",
}

@article{waldrop2016chips,
  title={The chips are down for Moore’s law},
  author={Waldrop, M Mitchell},
  journal={Nature News},
  volume={530},
  number={7589},
  pages={144},
  year={2016}
}

@article{spotnitz2003simulation,
  title={Simulation of capacity fade in lithium-ion batteries},
  author={Spotnitz, Robert},
  journal={Journal of power sources},
  volume={113},
  number={1},
  pages={72--80},
  year={2003},
  publisher={Elsevier}
}

@article{romaine1999invisible,
  title={The Invisible Computer: why good products can fail, the personal computer is so complex, and information appliances are the solution},
  author={Romaine, Garret},
  journal={Technical Communication},
  volume={46},
  number={3},
  pages={395--395},
  year={1999},
  publisher={Society for Technical Communication}
}

@article{baek2018energy,
  title={An energy efficiency grading system for mobile applications based on usage patterns},
  author={Baek, Dusan and Park, Jae-Hyeon and Lee, Jung-Won},
  journal={The Journal of Supercomputing},
  volume={74},
  number={12},
  pages={6502--6515},
  year={2018},
  publisher={Springer}
}

@misc{nyman2020estimating,
  title={Estimating the energy consumption of a mobile music streaming application using proxy metrics},
  author={Nyman, Moa},
  year={2020}
}

@article{mehrotra2018analyse,
  title={Analyse power consumption by mobile applications using fuzzy clustering approach},
  author={Mehrotra, D and Nagpal, D and Srivastava, R and Nagpal, R},
  journal={International Journal of Engineering},
  volume={31},
  number={12},
  pages={2037--2043},
  year={2018},
  publisher={Materials and Energy Research Center}
}

@article{zhang2014impact,
  title={The impact of user choice on energy consumption},
  author={Zhang, Chenlei and Hindle, Abram and German, Daniel M},
  journal={IEEE software},
  volume={31},
  number={3},
  pages={69--75},
  year={2014},
  publisher={IEEE}
}

@inproceedings{metri2012eating,
  title={What is eating up battery life on my smartphone: A case study},
  author={Metri, Grace and Agrawal, Abhishek and Peri, Ramesh and Shi, Weisong},
  booktitle={2012 International Conference on Energy Aware Computing},
  pages={1--6},
  year={2012},
  organization={IEEE}
}

@article{jimenez2013integrating,
  title={Integrating smartphones in spotify's peer-assisted music streaming service},
  author={Jimenez, Raul and Kreitz, Gunnar and Knutsson, Bj{\"o}rn and Isaksson, Marcus and Haridi, Seif},
  year={2013}
}

@book{wohlin2012experimentation,
  title={Experimentation in software engineering},
  author={Wohlin, Claes and Runeson, Per and H{\"o}st, Martin and Ohlsson, Magnus C and Regnell, Bj{\"o}rn and Wessl{\'e}n, Anders},
  year={2012},
  publisher={Springer Science \& Business Media}
}

@online{13,
  author="",
  title="{‘Top Android music apps by global downloads 2022’, Statista}",
  url="https://www.statista.com/statistics/691256/leading-google-play-music-worldwide-downloads/",
  note="(2022, Sep 14)",
}

@online{16,
  author="",
  title="{‘Music Streaming App Revenue and Usage Statistics (2022)’, Business of Apps}",
  url="https://www.businessofapps.com/data/music-streaming-market/",
  note="(2022, Sep 28)",
} 

@article{macbeth2011cliff,
  title={Cliff's Delta Calculator: A non-parametric effect size program for two groups of observations},
  author={Macbeth, Guillermo and Razumiejczyk, Eugenia and Ledesma, Rub{\'e}n Daniel},
  journal={Universitas Psychologica},
  volume={10},
  number={2},
  pages={545--555},
  year={2011},
  publisher={Pontificia Universidad Javeriana}
}

@book{cohen2013statistical,
  title={Statistical power analysis for the behavioral sciences},
  author={Cohen, Jacob},
  year={2013},
  publisher={Routledge}
}

@inproceedings{li2013calculating,
  title={Calculating source line level energy information for android applications},
  author={Li, Ding and Hao, Shuai and Halfond, William GJ and Govindan, Ramesh},
  booktitle={Proceedings of the 2013 International Symposium on Software Testing and Analysis},
  pages={78--89},
  year={2013}
}

@article{Fay2010Wilcoxon,
  title={Wilcoxon-Mann-Whitney or t-test? On assumptions for hypothesis tests and multiple interpretations of decision rules},
  author={Fay, Michael P and Proschan, Michael A},
  journal={Statistics surveys},
  volume={4},
  pages={1},
  year={2010},
  publisher={Institute of Mathematical Statistics}
}

@article{Hecke2012Power,
  title={Power study of anova versus Kruskal-Wallis test},
  author={Hecke, T Van},
  journal={Journal of Statistics and Management Systems},
  volume={15},
  number={2-3}, 
  pages={241--247},
  year={2012},
  publisher={TAYLOR & FRANCIS LTD}
}

@article{tomczak2014need,
  title={The need to report effect size estimates revisited. An overview of some recommended measures of effect size},
  author={Tomczak, Maciej and Tomczak, Ewa},
  journal={Trends in sport sciences},
  volume={1},
  number={21},
  pages={19--25},
  year={2014}
}

@online{32,
  author="Frakes, Dan and Guy, Nick and Purdy, Kevin",
  title="{‘What You Should (and Shouldn’t) Do to Extend Your Phone’s Battery Life’, Wirecutter: Reviews for the Real World’}",
  url="https://www.nytimes.com/wirecutter/blog/what-you-should-and-shouldnt-do-to-extend-your-phones-battery-life/",
  note="(2022, Oct 30)",
} 


@online{33,
  author="O. PHILIPPOT",
  title="{‘Is it possible to listen to music without emptying your smartphone’s battery?’}",
  url="https://greenspector.com/en/is-it-possible-to-listen-to-music-without-emptying-your-smartphones-battery/",
  note="(2022, Oct 30)",
} 

@book{36,
  title={Quasi-experimentation: Design \& analysis issues for field settings},
  author={Cook, Thomas D and Campbell, Donald Thomas and Day, Arles},
  volume={351},
  year={1979},
  publisher={Houghton Mifflin Boston}
}

@inproceedings{37,
  title={Software-based energy profiling of android apps: Simple, efficient and reliable?},
  author={Di Nucci, Dario and Palomba, Fabio and Prota, Antonio and Panichella, Annibale and Zaidman, Andy and De Lucia, Andrea},
  booktitle={2017 IEEE 24th international conference on software analysis, evolution and reengineering (SANER)},
  pages={103--114},
  year={2017},
  organization={IEEE}
}

@article{39,
  title={On the impact of code smells on the energy consumption of mobile applications},
  author={Palomba, Fabio and Di Nucci, Dario and Panichella, Annibale and Zaidman, Andy and De Lucia, Andrea},
  journal={Information and Software Technology},
  volume={105},
  pages={43--55},
  year={2019},
  publisher={Elsevier}
}
